<?xml version="1.0" encoding="UTF-8"?><collection xmlns="http://www.loc.gov/MARC21/slim"><record><leader>00558nam--2200205-i-4500</leader><controlfield tag="001">000023733</controlfield><controlfield tag="002">20161230</controlfield><controlfield tag="005">20170114224724</controlfield><controlfield tag="008">060222s1000------------r-----000-0-eng-d</controlfield><datafield ind1=" " ind2=" " tag="020"><subfield code="a">0123606039</subfield></datafield><datafield ind1=" " ind2=" " tag="040"><subfield code="a">IFIN-HH</subfield></datafield><datafield ind1=" " ind2=" " tag="080"><subfield code="a">539.126.33:539.171.5</subfield></datafield><datafield ind1="1" ind2=" " tag="100"><subfield code="a">Hughes, Vernon W</subfield></datafield><datafield ind1="1" ind2="0" tag="245"><subfield code="a">Muon physics</subfield><subfield code="c">Vernon W. Hughes, C.S. Wu (eds.)</subfield></datafield><datafield ind1=" " ind2=" " tag="260"><subfield code="a">New York</subfield><subfield code="b">Academic Press</subfield><subfield code="c">1975</subfield></datafield><datafield ind1=" " ind2=" " tag="300"><subfield code="a">3 volume</subfield></datafield><datafield ind1=" " ind2=" " tag="700"><subfield code="a">Wu, C. S</subfield><subfield code="e">Ed</subfield></datafield><datafield ind1="1" ind2=" " tag="787"><subfield code="a">Volume III</subfield><subfield code="h">305 p</subfield><subfield code="t">Chemistry And Solids</subfield></datafield><datafield ind1=" " ind2=" " tag="852"><subfield code="a">45333</subfield><subfield code="c">539.12</subfield></datafield><datafield ind1=" " ind2=" " tag="CAT"><subfield code="a">SYS</subfield><subfield code="c">20170114</subfield><subfield code="h">224724</subfield></datafield></record></collection>